% This is an auxiliary file used by the 'notes2bib' package.
% This file may safely be deleted.
% It will be recreated as required.

@bibnote{Note1,
  note = {Note for the first example},
  sortkey = {Note1},
  keywords = {note},
  presort = {mm},
}

@bibnote{labelled,
  note = {Note for the second example},
  sortkey = {labelled},
  keywords = {note},
  presort = {mm},
}

@bibnote{Note2,
  note = {Some \texttt {\textbackslash verb}-like output},
  sortkey = {Note2},
  keywords = {note},
  presort = {mm},
}

@bibnote{Note3,
  note = {Text for the fourth example},
  sortkey = {Note3},
  keywords = {note},
  presort = {mm},
}

@bibnote{named,
  note = {More text for the fourth example},
  sortkey = {named},
  keywords = {note},
  presort = {mm},
}


