% Encoding: UTF-8



@article{ray1982,
 ISSN = {03075133},
 URL = {http://www.jstor.org/stable/3821637},
 author = {J. D. Ray},
 journal = {The Journal of Egyptian Archaeology},
 pages = {181--198},
 publisher = {Egypt Exploration Society},
 title = {The Carian Inscriptions from Egypt},
 volume = {68},
 year = {1982}
}

@article{Karlsson2009,
doi	= {10.1515/KADMOS.2008.013},
title	= {A Carian Graffito from Labraunda},
author	= {Karlsson, Lars; Henry, Olivier},
publisher	= {Walter de Gruyter GmbH & Co. KG},
journal	= {Kadmos},
issnp	= {0022-7498},
issne	= {1613-0723},
year	= {2009},
month	= {01},
volume	= {47},
issue	= {1-2},
page	= {--},
url =       {http://gen.lib.rus.ec/scimag/index.php?s=10.1515/KADMOS.2008.013},
}

@article{Gygax2005,
doi	= {10.2307/20065536},
title	= {'He Who of All Mankind Set up the Most Numerous Trophies to Zeus': The Inscribed Pillar of Xanthos Reconsidered},
author	= {Marc Domingo Gygax and Werner Tietz},
journal	= {Anatolian Studies},
issnp	= {0066-1546},
issne	= {2048-0849},
year	= {2005},
volume	= {55},
page	= {89--98},
url =       {http://gen.lib.rus.ec/scimag/index.php?s=10.2307/20065536},
}

@article{Charles2005,
doi	= {10.2307/20065537},
title	= {Hydisos in Caria},
author	= {Charles Crowther},
journal	= {Anatolian Studies},
issnp	= {0066-1546},
issne	= {2048-0849},
year	= {2005},
volume	= {55},
page	= {99--105},
url =       {http://gen.lib.rus.ec/scimag/index.php?s=10.2307/20065537},
}

@book{Melchert2003,
   title =     {The Luwians (Handbook of Oriental Studies Handbuch Der Orientalistik)},
   author =    {H. Craig Melchert},
   publisher = {},
   isbn =      {9004130098,9789004130098,9781417536610},
   year =      {2003},
   series =    {},
   edition =   {},
   volume =    {},
   url =       {http://gen.lib.rus.ec/book/index.php?md5=9FFC1390F83AD6698D90880AE2F071AE}}

@book{Mouton2013,
        resid = {1006609},
        status =    {OK},
        title =      {Luwian Identities: Culture, Language and Religion Between Anatolia and the Aegean},
        author =      {Alice Mouton and Ian Rutherford and Ilya Yakubovich},
        year =    {2013},
        type =   {pdf},
        isbn = {},
        edition = {},
        volume =    {},
        md5 = {43c0c2592d2818e47dc3f640e6873c13},
        url = {}
}
    
@book{Finkelberg2006,
   title =     {Greeks and Pre-Greeks: Aegean Prehistory and Greek Heroic Tradition},
   author =    {Margalit Finkelberg},
   publisher = {Cambridge University Press},
   isbn =      {9780511146930,9780521852166,0521852161},
   year =      {2006},
   series =    {},
   edition =   {},
   volume =    {},
   url =       {http://gen.lib.rus.ec/book/index.php?md5=22F35A164637C15E9A9891AF69C411DA}}

@book{Payne2014,
   title =     {Hieroglyphic Luwian: An Introduction with Original Texts},
   author =    {Annick Payne},
   publisher = {Harrassowitz Verlag},
   isbn =      {3447102160,9783447102162},
   year =      {2014},
   series =    {Subsidia et Instrumenta Linguarum Orientis (SILO) 2},
   edition =   {3},
   volume =    {},
   url =       {http://gen.lib.rus.ec/book/index.php?md5=FA63EA07600457ECE21E1204F0BBCD53}}

@Misc{calligra,
  author    = {Gerd Neugebauer},
  title     = {The {C}alligra package for use with LaTeX},
  date      = {2012-04},
  owner     = {kj},
  timestamp = {2014.08.30}
}

@article{emery1970,
doi	= {10.2307/3856038},
title	= {Preliminary Report on the Excavations at North Saqq√¢ra, 1968-9},
author	= {W. B. Emery},
publisher	= {The Egypt Exploration Society},
journal	= {The Journal of Egyptian Archaeology},
issnp	= {0307-5133},
year	= {1970},
month	= {08},
volume	= {56},
page	= {5--11},
url =       {http://gen.lib.rus.ec/scimag/index.php?s=10.2307/3856038},
}

@Article{frese,
  author    = {Stephen J. Frese},
  title     = {Divided by a Common Language: The Babel Proclamation and its Influence in Iowa History},
  journal   = {The History Teacher},
  year      = {2005},
  volume    = {39},
  number    = {1},
  pages     = {59-88},
  url       = {http://www.jstor.org/stable/30036745},
  owner     = {Georgio},
  timestamp = {2015.02.01}
}

@Article{frei1997,
  author    = {Frei, P. and C.Marek},
  title     = {Die karisch-griechische Bilingue von Kaunos},
  journal   = {Kadmos},
  year      = {1997},
  volume    = {36},
  number    = {1},
  pages     = {1-89},
  owner     = {Georgio},
  timestamp = {2015.02.01}
}

@Article{caroline2006,
  author    = {Caroline Waerzeggers},
  title     = {The Carians of Borsippa},
  journal   = {Iraq},
  year      = {2006},
  volume    = {68},
  pages     = {1-22},
  publisher = {{British Institute for the Study of Iraq}},
  url       = {http://www.jstor.org/stable/4200605?origin=JSTOR-pdf},
  owner     = {Georgio},
  timestamp = {2015.02.01}
}

@MISC{mathdots,
  title = {The mathdots package},
  author = {Dan Luecking},
  year = {2014},
  month = {6},
  owner = {Georgio},
  timestamp = {2015.08.18}
}

@MISC{mdwlist,
  title = {The mdwlist package},
  author = {Bernd Schandl},
  year = {2017},
  month = {1},
  owner = {Georgio},
  timestamp = {2018.06.18}
}

@MISC{montex,
  title = {{MonTeX} {M}ongolian and {M}anju for {LaTeXe}},
  author = {Oliver Corff and Dorjpalam Dorj},
  year = {2002},
  month = {7},
  owner = {Georgio},
  timestamp = {2018.06.18}
}

@MISC{paralist,
  author = {Mark Wooding},
  title = {The paralist package},
  year = {1996},
  month = {2},
  owner = {Georgio},
  timestamp = {2018.06.18}
}

@MISC{enumitem,
  author = {Javier Bezos},
  title = {Customizing lists with the enumitem package},
  year = {2011},
  month = {9},
  owner = {Georgio},
  timestamp = {2018.06.18}
}

@MISC{shortlst,
  author = {Mogens Lemvig Hansen},
  title = {The shortlst package},
  year = {1998},
  month = {11},
  owner = {Georgio},
  timestamp = {2018.06.18}
}
%% errors here
@Misc{forest,
  author    = {Sa\v{s}o \v{Z}ivanovi\'{c}},
  title     = {A ùöôùöêùöè/ùöÉùöíùöîùöâ-based package for drawing linguistic trees},
  year      = {2015},
  month     = {7},
  owner     = {Georgio},
  timestamp = {2015.08.18}
}

@BOOK{Abrahams2003,
  author = {Paul W. Abrahams and Kathryn A. Hargreaves and Karl Berry},
  title = {\TeX\ for the Impatient},
  year = {2003},
  publisher = {GNU}
}

@BOOK{tinker1963,
  author = {Miles A. Tinker},
  title = {Legibility of Print},
  year = {1963},
  publisher = {Iowa State University Press}
}


@BOOKINBOOK{adelaar2005,
  author = {Alexander Adelaar},
  title = {The Austronesian Languages of Asia and Madagascar},
  booktitle = {The Austronesian Languages of Asia and Madagascar},
  year = {2005},
  publisher = {Routledge},
  isbn = {0-7007-1286-0},
  owner = {Georgio},
  timestamp = {2017.09.01}
}

@article{Kloekhorst-2009,
doi	= {10.1515/kadmos.2008.011},
title	= {Studies in Lycian and Carian Phonology and Morphology},
author	= {Kloekhorst, Alwin},
publisher	= {Walter de Gruyter GmbH & Co. KG},
journal	= {Kadmos},
issnp	= {0022-7498},
issne	= {1613-0723},
year	= {2009},
month	= {01},
volume	= {47},
issue	= {1-2},
page	= {--},
url =   {http://gen.lib.rus.ec/scimag/index.php?s=10.1515/kadmos.2008.011},
}

@BOOK{adiego,
  author = {Adiego, {I}gnacio-{J}avier},
  title = {The Carian Language},
  year = {2006},
  publisher = {Brill},
  owner = {Georgio},
  timestamp = {2017.08.08}
}


@ARTICLE{perfetti2003,
  author = {Perfetti, C.A},
  title = {The universal grammar of reading},
  year = {2003},
  journal = {Scientific Studies of Reading},
  volume = {7},
  number = {3},
  pages = {24},
  owner = {Georgio},
  timestamp = {2017.08.08}
}


@BOOK{ki-moon2011,
  author = {Ki-Moon Lee and S. Robert Ramsey},
  title = {A history of the {K}orean language},
  year = {2011},
  publisher = {Cambridge University Press},
  isbn = {978-0-521-66189-8},
  owner = {Georgio},
  timestamp = {2017.08.08}
}


@BOOK{pdfreference,
  author = {Adobe},
  title = {PDF Reference sixth edition},
  year = {2006},
  edition = {sixth},
  publisher = {Adobe Systems Incorporated},
  url = {http://www.adobe.com/content/dam/Adobe/en/devnet/acrobat/pdfs/pdf_reference_1-7.pdf},
  owner = {Georgio},
  timestamp = {2015.02.14}
}

@ARTICLE{xkeyval,
  author = {Hendri Adriaens and Uwe Kern},
  title = {xkeyval---new developments and mechanisms in key processing},
  year = {2004},
  volume = {25},
  number = {2},
  pages = {194-199},
  journal = {TUGboat},
  owner = {kj},
  timestamp = {2014.08.14}
}

@ARTICLE{boris2012a,
  author = {Leyla Akhmadeeva and Ilnar Tukhvatullin and Boris Veytsman},
  title = {Do serifs help in comprehension of printed text? An experiment with
	Cyrillic
	
	readers},
  year = {2012},
  volume = {65},
  pages = {21-24},
  doi = {http://dx.doi.org/10.1016/j.visres.2012.05.013},
  journal = {Vision},
  owner = {Georgio},
  timestamp = {2015.02.09}
}

@MISC{wrapfig,
  author = {Arsenau, Donald},
  title = {The Wrapfig package.},
  year = {2003},
  month = {1},
  owner = {kj},
  timestamp = {2014.08.08}
}

@MISC{ulem,
  author = {Donald Arsenau},
  title = {The ulem package: underlining for emphasis},
  year = {2011},
  month = {3},
  owner = {Georgio},
  timestamp = {2015.08.18}
}

@MISC{varwidth,
  author = {Donald Arseneau},
  title = {The varwidth package},
  year = {2011},
  month = {9},
  owner = {Georgio},
  timestamp = {2015.08.18}
}

@Misc{threeparttable,
  author    = {Donald Arseneau},
  title     = {The threeparttable package},
  year      = {2010},
  month     = {3},
  owner     = {Georgio},
  timestamp = {2015.08.18},
}

@BOOK{ipa,
  author = {{International Phonetic Association}},
  title = {Handbook of the International Phonetic Association: A Guide to the
	Use of the International Phonetic Alphabet },
  year = {1999},
  publisher = {Cambridge University Press},
  isbn = {0521637511},
  url = {http://gen.lib.rus.ec/book/index.php?md5=4AC3A7FCFB270172C4E760D33CB834D8}
}

@BOOK{coptic,
  author = {Aziz S. Atiya},
  title = {The Coptic Encyclopaedia},
}

@MISC{undertilde,
  author = {Benjamin Bayart},
  title = {The undertilde package},
  year = {2000},
  month = {10},
  owner = {Georgio},
  timestamp = {2015.06.29}
}

@MISC{canonicallayout,
  author = {Claudio Beccari},
  title = {Package canonical layout},
  year = {2015},
  url = {ftp://ftp.dante.de/tex-archive/macros/latex/contrib/canoniclayout/canoniclayout.pdf},
  owner = {Georgio},
  timestamp = {2015.02.03}
}

@MISC{iso639,
  author = {{International Standards Organization}},
  title = {{ISO} 639-1 Codes for the representation of names of languages},
  year = {2002},
  owner = {Georgio},
  timestamp = {2015.02.03}
}


@ARTICLE{bechto88,
  author = {Bechtolsheim, Stephan von},
  title = {A Tutorial on futurelet},
  year = {1988},
  volume = {9},
  pages = {276},
  journal = {TUGboat},
  url = {https://www.tug.org/TUGboat/tb09-3/tb22bechtolsheim.pdf},
  owner = {kj},
  timestamp = {2014.08.12}
}

@BOOK{bechto1993,
  author = {Bechtolsheim, Stephan von},
  title = {TeX in Practice, Volume III:Tokens, Macros},
  year = {1993},
  volume = {III},
  pages = {106},
  publisher = {Springer-Verlag},
  owner = {kj},
  timestamp = {2014.08.12}
}

@ARTICLE{plaice2013,
  author = {John Plaice},
  title = {Typesetting and layout in multiple directions---Proposed solution},
  year = {2013},
  volume = {34},
  pages = {289-292},
  url = {https://www.tug.org/TUGboat/tb34-3/tb108plaice.pdf},
  journal = {TUGboat},
  owner = {kj},
  timestamp = {2018.07.13}
}

@BOOK{book:445047,
  author = {Roger Beck},
  title = {The Religion of the Mithras Cult in the Roman Empire: Mysteries of
	the Unconquered Sun},
  year = {2006},
  publisher = {Oxford University Press, USA},
  isbn = {0198140894,9780198140894},
  url = {http://gen.lib.rus.ec/book/index.php?md5=F9D3A016B192AD8D810DA99C1B3A090D}
}

@ARTICLE{beeton2015,
  author = {Barbara Beeton},
  title = {Hyphenation exception Log},
  year = {2015},
  month = {3},
  journal = {TUGboat},
  owner = {Georgio},
  timestamp = {2015.08.10}
}

@TECHREPORT{beetona,
  author = {Barbara Beeton and Asmus Freytag and Murray Sargent III},
  title = {Unicode Support for Mathematics},
  institution = {Unicode Organization},
  year = {2012},
  number = {Revsion 13},
  note = {Unicode Technical Report 25},
  month = {Apr},
  owner = {kj},
  timestamp = {2014.09.01}
}

@MISC{Beffara2010,
  author = {Emmanuel Beffara},
  title = {Linear Logic symbols for Computer Modern},
  year = {2010},
  month = {4},
  owner = {Georgio},
  timestamp = {2015.06.26}
}

@MISC{cmll,
  author = {Emmanuel Beffara},
  title = {Linear Logic symbols for Computer Modern},
  year = {2010},
  month = {4},
  owner = {kj},
  timestamp = {2014.08.30}
}

@BOOK{klaus1986,
  author = {Klaus Beyer},
  title = {The Aramaic Language: Its Distribution and Subdivisions},
  year = {1986},
  publisher = {Vandenhoeck \& Ruprecht},
  isbn = {3525535732,9783525535738},
  url = {http://gen.lib.rus.ec/book/index.php?md5=2362110CC27A0E71B387EAC50235A8E5}
}

@BOOK{robert2009,
  author = {Robert Blust},
  title = {The Austronesian Languages, Revised Edition},
  year = {2009}
 }

@MISC{fourier,
  author = {Michel Bovani},
  title = {Fourier-GUT\textit{enberg}},
  year = {2005},
  month = {1},
  owner = {Georgio},
  timestamp = {2015.08.18}
}

@MISC{fourier-orns,
  author = {Michel Bovani},
  title = {The fourier-orns package},
  year = {2005},
  month = {1},
  owner = {Georgio},
  timestamp = {2015.08.18}
}

@MISC{alltt,
  author = {Johannes Braams},
  title = {The \texttt{alltt} environment},
  year = {1997},
  month = {6},
  owner = {Georgio},
  timestamp = {2015.08.18}
}

 @MISC{babel,
   author = {Johannes L. Braams and Javier Bezos},
   title = {Babel version 3.9k},
   year = {2014},
   month = {3},
   owner = {kj},
   timestamp = {2014.08.26}
}

 @BOOK{Bringhurst2005,
   author = {Robert Bringhurst},
   title = {The Elements of Typography},
   year = {2005},
   edition = {3.1},
   publisher = {Hartley \& Marks},
   isbn = {0-88179-205-5}
 }

@MISC{mhchem,
  author = {The mhchem Bundle},
  title = {Martin Hensel},
  year = {2014},
  month = {3},
  owner = {Georgio},
  timestamp = {2015.02.16}
}

@MISC{everypage,
  author = {Sergio Callegari},
  title = {The everypage package},
  year = {2007},
  month = {6},
  abstract = {The everypage package extends LaTeX providing hooks to do actions
	on every
		page or on the current page. Specifically, actions are performed before
	the page is
		shipped, so they can be used to put watermarks in the background of
	a page, or
		to set the page layout. The package reminds in some sense bobhook
	by Karsten
		Tinnefeld, but it differs in the way in which the hooks are implemented,
	as detailed
		in the following. In some sense it may also be related to the package
	everyshi by
		Martin Schroeder, but again the implementation is different.},
  owner = {Georgio},
  timestamp = {2015.08.12}
}

@PHDTHESIS{Cameron1976,
  author = {Cameron, Mark Alan Shaw},
  title = {A general study of Minoan frescoes with particular reference to unpublished
	wall painting from Knossos},
  institution = {Newcastle University},
  year = {1976},
  owner = {Georgio},
  timestamp = {2017.09.29}
}

@MISC{color,
  author = {David Carlisle},
  title = {The color package},
  year = {2014},
  month = {10},
  owner = {Georgio},
  timestamp = {2015.02.14}
}

@MISC{graphicx,
  author = {David Carlisle},
  title = {Packages in the graphics bundle},
  year = {2014},
  month = {4},
  owner = {Georgio},
  timestamp = {2015.08.18}
}

@MISC{hhline,
  author = {David Carlisle},
  title = {The hhline package},
  year = {2014},
  month = {10},
  owner = {Georgio},
  timestamp = {2015.08.13}
}

@MISC{keyval,
  author = {David Carlisle},
  title = {The keyval package},
  year = {2014},
  month = {5},
  owner = {Georgio},
  timestamp = {2015.02.16}
}

@MISC{tabularx,
  author = {David Carlisle},
  title = {The tabularx package},
  year = {2014},
  month = {10},
  owner = {Georgio},
  timestamp = {2015.08.18}
}

@MISC{colortbl,
  author = {David Carlisle},
  title = {The colortbl package},
  year = {2012},
  month = {2},
  owner = {Georgio},
  timestamp = {2015.08.13}
}

@Misc{textcase,
  author    = {David Carlisle},
  title     = {The ùöùùöéùö°ùöùùöåùöäùöúùöé package},
  year      = {2004},
  month     = {10},
  owner     = {Georgio},
  timestamp = {2015.08.18}
}

@MISC{type1cm,
  author = {David Carlisle},
  title = {type1cm package for LaTeX},
  year = {2002},
  month = {4},
  owner = {Georgio},
  timestamp = {2015.08.18}
}

@MISC{lscape,
  author = {David Carlisle},
  title = {The {lscape} package},
  year = {2000},
  month = {10},
  owner = {Georgio},
  timestamp = {2015.08.13}
}

@MISC{fix2col,
  author = {David Carlisle},
  title = {The fix2col package},
  year = {1998},
  month = {10},
  owner = {Georgio},
  timestamp = {2015.02.14}
}

@MISC{slashed,
  author = {David Carlisle},
  title = {The slashed Package},
  year = {1997},
  month = {1},
  owner = {kj},
  timestamp = {2014.09.06}
}

@MISC{longtable,
  author = {David Carlisle},
  title = {The longtable package},
  year = {1996},
  month = {11},
  owner = {Georgio},
  timestamp = {2015.08.13}
}

@Misc{xspace,
  author    = {David Carlisle and Morten H√É¬∏gholm},
  title     = {The ùö°ùöúùöôùöäùöåùöé package},
  year      = {2014},
  month     = {10},
  owner     = {Georgio},
  timestamp = {2015.08.18}
}

@MISC{polyglossia,
  author = {Francois Charette and Arthur Reutenauer},
  title = {Polyglossia: A Babel Replacement for XeLaTeX and LuaLaTeX},
  year = {2014},
  month = {5},
  owner = {Georgio},
  timestamp = {2015.02.16}
}

@Misc{dirtree,
  author    = {Jean-Charpentier},
  title     = {The dirtree package},
  year      = {2012},
  month     = {12},
  owner     = {Georgio},
  timestamp = {2015.08.18}
}

@TECHREPORT{chen01,
  author = {Pehong Chen},
  title = {GNU Emacs \TeX{} -mode},
  institution = {University of California},
  year = {1986},
  number = {87/316},
  url = {http://digitalassets.lib.berkeley.edu/techreports/ucb/text/CSD-87-347.pdf},
  owner = {Georgio},
  timestamp = {2017.08.13}
}

@MISC{parselines,
  author = {Florent Chervet},
  title = {The {parselines} package, a simple line parser for TeX},
  year = {2011},
  month = {2},
  owner = {Georgio},
  timestamp = {2015.08.18}
}

@Article{cleveland1985,
  author    = {William S. Cleveland and Robert McGill},
  title     = {Graphical Perception and Graphical Methods for Analyzing Scientific Data},
  journal   = {Science},
  year      = {1985},
  volume    = {229},
  pages     = {828--833},
  url       = {https://web.cs.dal.ca/~sbrooks/csci4166-6406/seminars/readings/Cleveland_GraphicalPerception_Science85.pdf},
  owner     = {Georgio},
  timestamp = {2015.02.14}
}
{algorithm2e,
%   author = {Christophe Fiorio},
%   title = {The \texttt{algorithm2e} package for algorithms},
%   year = {2013},
%   month = {1},
%   owner = {Georgio},
%   timestamp = {2015.08.19}
% }

@Book{writing,
  author    = {Fischer, Steven Roger},
  title     = {A {H}istory of {W}riting},
  year      = {2001},
  publisher = {St Edmundsbury Press},
  address   = {Suffolk UK},
  owner     = {Georgio},
  timestamp = {2015.01.19}
}

@BOOK{fitzmyer,
  author = {Fitzmyer, Joseph A.},
  title = {The Aramaic inscriptions of Sef√Ñ¬´re},
  year = {1995},
  volume = {19},
  series = {Biblica et orientalia Sacra Scriptura antiquitatibus orientalibus
	illustrata},
  publisher = {Pontificial Biblical Institute},
  pages = {222},
  url = {http://web.archive.org/web/20051104215025/http://www.nelc.ucla.edu/Faculty/Schniedewind_files/NWSemitic/Aramaic_ABD.pdf},
  address = {Rome},
  hhtype = {wordlist},
  inlg = {English [eng]},
  macro_area = {Eurasia},
  src = {hh},
  srctrickle = {hh#w:Fitzmyer:Aramaic-Sefire}
}

 @MISC{lettrine,
   author = {Daniel Flipo},
   title = {Typesetting lettrines in LATEX 2 documents},
   year = {2015},
   month = {2},
   owner = {Georgio},
   timestamp = {2015.08.18}
 }

 @MISC{soul,
   author = {Melchior Franz},
   title = {The \texttt{soul} package},
   year = {2003},
   month = {11},
   owner = {Georgio},
   timestamp = {2015.08.18}
 }

 @ARTICLE{frenkel2012,
   author = {Edward Frenkel},
   title = {{Mathematics, Love and Tattoos}},
   year = {2012},
   journal = {"Matematica e Cultura"},
   owner = {Georgio},
   timestamp = {2015.02.10}
 }

 @Article{FLN,
   author    = {E. Frenkel and A. Losev and N. Nekrasov},
   title     = {{Instantons beyond topological theory I}},
   journal   = {J. of Inst. Math. Jussieu},
   year      = {2011},
   volume    = {10},
   pages     = {463--565},
   url       = {http://ritesofloveandmath.com},
   owner     = {Georgio},
   timestamp = {2015.02.10}
 }


 @MISC{tipa,
   author = {Rei Fukui},
   title = {TIPA {M}anual Version 1.3},
   year = {2004},
   month = {3},
   url = {href://www.ctan/pkg/tipa},
   owner = {Georgio},
   timestamp = {2015.02.07}
 }

@MISC{pict2e,
  author = {Hubert G\"a{\ss}lein and Rolf Niepraschk and Josef Tkadlec},
  title = {The \texttt{pict2e} package},
  year = {2014},
  month = {1},
  owner = {Georgio},
  timestamp = {2015.08.18}
}

@ARTICLE{garcia,
  author = {Federico Garcia},
  title = {Hypertext capabilities with pdfLaTeX},
  year = {2007},
  volume = {28},
  number = {1},
  pages = {129-132},
  url = {http://www.tug.org/TUGboat/tb28-1/tb88garcia.pdf},
  journal = {TUGboat},
  owner = {Georgio},
  timestamp = {2015.02.07}
}

@Misc{shuffle,
  author    = {Julian Gilbey and Antoine Lejay},
  title     = {The shuffle Package},
  year      = {2008},
  date      = {2008-10},
  owner     = {Georgio},
  timestamp = {2015.08.19}
}

@BOOK{Glotz2003,
  author = {Gustave Glotz},
  title = {The {A}egean {C}ivilization},
  year = {2003},
  publisher = {Columbia University Press},
  isbn = {0-7103-0842-6},
  owner = {Georgio},
  timestamp = {2017.09.29}
}

@BOOK{bacchae,
  author = {Barbara Goff},
  title = {Citizen Bacchae, Women's Ritual Practice in Ancient Greece},
  year = {2004},
  publisher = {University of California Press},
  owner = {kj},
  timestamp = {2014.08.22}
}

@BOOK{tulipmania,
  author = {Anne Goldgar},
  title = {Tulip Mania: Money, Honor, and Knowledge in the Dutch Golden Ages},
  year = {1992},
  publisher = {University of Chicago},
  owner = {Georgio},
  timestamp = {2017.08.15}
}

@MISC{ulsy,
  author = {Ulrich Goldschmitt},
  title = {The ulsy package},
  year = {1995},
  month = {2},
  owner = {Georgio},
  timestamp = {2015.06.19}
}

@BOOK{xetexcompanion,
  author = {Michel Goossens},
  title = {The XeTeX Companion},
  year = {2010},
  editor = {Michel Goosens},
  url = {http://xml.web.cern.ch/XML/lgc2/xetexmain.pdf},
  month = {1},
  owner = {yl},
  timestamp = {2014.09.04}
}

@BOOK{goossens93,
  author = {Michel Goossens and Frank Mittlebach and Alexander Samarin},
  title = {The LaTeX Companion},
  year = {1993},
  publisher = {Addison-Wesley},
  address = {Reading, Massachusetts}
}
{stmaryrd,
%   author = {Jeremy Gibbons Alan Jeffrey and Chris Rowley},
%   title = {The St Mary√¢‚Ç¨‚Ñ¢s Road symbol font},
%   year = {2004},
%   month = {3},
%   owner = {Georgio},
%   timestamp = {2015.08.18}
% }

@Article{Kabelschacht1987,
  author    = {Kabelschacht, A.},
  title     = {{\textbackslash expandafter} vs. {\textbackslash let} and {\textbackslash def} in conditionals and a generalization of plain's {\textbackslash loop}},
  journal   = {TUGboat},
  year      = {1987},
  volume    = {2},
  pages     = {184-185},
  owner     = {Georgio},
  timestamp = {2015.08.16},
}

@MISC{fontname,
  author = {Karl, Berry},
  title = {Fontname},
  year = {2009},
  howpublished = {\url{https://www.tug.org/fontname/fontname.pdf}},
  month = {7},
  url = {https://www.tug.org/fontname/fontname.pdf},
  owner = {kj},
  timestamp = {2014.08.15}
}

@MISC{suffix,
  author = {David Kastrup},
  title = {The \texttt{suffix} Package},
  year = {2006},
  month = {7},
  owner = {Georgio},
  timestamp = {2015.08.19}
}

@MISC{wasysym,
  author = {Axel Kielhorn},
  title = {The \texttt{wasysym} macro package for \latexe},
  year = {2003},
  month = {10},
  owner = {Georgio},
  timestamp = {2015.08.18}
}

@MISC{manfnt,
  author = {Axel Kielhorn and Denis Kosygin},
  title = {The \texttt{Manfnt} package. A quick way to access the symbols in
	manfnt},
  year = {1999},
  month = {7},
  owner = {Georgio},
  timestamp = {2015.08.18}
}

@MISC{multienum,
  author = {Dennis Kletzing},
  title = {A Multienumerate Package},
  year = {2005},
  month = {5},
  owner = {Georgio},
  timestamp = {2015.08.18}
}

@MISC{enumerate,
  author = {David Carlisle},
  title = {The enumerate package},
  year = {2015},
  month = {7},
  owner = {Georgio},
  timestamp = {2018.06.18}
}
{euscript,
%   author = {Frank Mittelbach and Rainer Sch\"opf},
%   title = {The eucal and euscript ppackage (Revised by David M. Jones)},
%   year = {2009},
%   month = {6},
%   owner = {kj},
%   timestamp = {2014.08.30}
% }

@BOOK{MLA,
  author = {MLA},
  title = {MLA Handbook for Writers of Research Papers},
  year = {2009},
  edition = {7},
  publisher = {Modern Language Association of America (MLA)},
  owner = {kj},
  timestamp = {2014.08.22}
}

@Article{morris2012a,
  author    = {Errol Morris},
  title     = {Hear, All Ye people; Hearken, O Earth (Part One).},
  journal   = {New York Times Opinionator},
  year      = {2012},
  url       = {http://opinionator.blogs.nytimes.com/2012/08/08/?_r=0},
  owner     = {Georgio},
  timestamp = {2015.02.02}
}
{eso-pic,
%   author = {Rolf Niepraschk},
%   title = {The \texttt{eso-pic} package},
%   year = {2013},
%   month = {10},
%   owner = {Georgio},
%   timestamp = {2015.08.18}
% }

 @MISC{zref,
   author = {Heiko Oberdiek},
   title = {The zref package},
   year = {2012},
   month = {4},
   owner = {Georgio},
   timestamp = {2015.08.04}
 }

 @MISC{twoopt,
   author = {Heiko Oberdiek},
   title = {The twoopt package},
   year = {2016},
   month = {5},
   owner = {Georgio},
   timestamp = {2018.08.04}
 }
{xltxtra,
%   author = {Will Robertson},
%   title = {The xltxtra package},
%   year = {2010},
%   month = {9},
%   owner = {Georgio},
%   timestamp = {2015.08.18}
% }

@BOOK{rogener1995,
  author = {S. Rogener and A. Pool and U. Packhauser},
  title = {Branding with type: {H}ow type sells},
  year = {1995},
  publisher = {Adobe Press},
  address = {California},
  owner = {Georgio},
  timestamp = {2015.02.03}
}

@BOOK{salomon,
  author = {Richard Salomon},
  title = {Indian Epigraphy: A Guide to the Study of Inscriptions in Sanskrit,
	Prakrit, and the other Indo-Aryan Languages (South Asia Research)},
  year = {1998},
  isbn = {0195099842,9780195099843,9781423758884},
  url = {http://gen.lib.rus.ec/book/index.php?md5=7300DBD808DB82CEEFE86B37460AE9AB}
}

@MISC{esvect,
  author = {Eddie Saudrais},
  title = {Typesetting vectors with beautiful arrow with\latexe},
  year = {2013},
  month = {7},
  owner = {Georgio},
  timestamp = {2015.08.18}
}

@MISC{adjustbox,
  author = {Martin Scharrer},
  title = {The adjustbox Package},
  year = {2012},
  month = {5},
  owner = {Georgio},
  timestamp = {2015.08.18}
}

@Misc{trimclip,
  author    = {Martin Scharrer},
  title     = {The ùöùùöõùöíùöñùöåùöïùöíùöô Package},
  year      = {2012},
  month     = {5},
  owner     = {Georgio},
  timestamp = {2015.08.18}
}

@MISC{collcell,
  author = {Martin Scharrer},
  title = {The collcell Package},
  year = {2011},
  month = {2},
  owner = {Georgio},
  timestamp = {2015.08.13}
}

@Misc{microtype,
  author    = {Schlicht, R.},
  title     = {The microtype package},
  year      = {2013},
  month     = {5},
  owner     = {Georgio},
  timestamp = {2015.08.18}
}

@MISC{pifont,
  author = {Walter Schmidt},
  title = {Using common PostScript fonts with LATEX},
  year = {2004},
  month = {9},
  owner = {Georgio},
  timestamp = {2015.08.18}
}

@MISC{upgreek,
  author = {Walter Schmidt},
  title = {The \texttt{upgreek} package for \latexe},
  year = {2003},
  month = {2},
  owner = {Georgio},
  timestamp = {2015.08.18}
}

@BOOK{schniedewind2005,
  author = {William M. Schniedewind},
  title = {How the {B}ible {B}ecame a {B}ook: {T}he {T}extualization of {A}ncient
	{I}srael},
  year = {2005},
  publisher = {Cambridge University Press},
  owner = {Georgio},
  timestamp = {2015.02.03}
}

@MISC{count1to,
  author = {Martin Schr\"oder},
  title = {The count1to package},
  year = {2009},
  month = {5},
  owner = {Georgio},
  timestamp = {2015.08.04}
}

@MISC{prelim2e,
  author = {Schr\"oder, Martin},
  title = {The prelim2e package},
  year = {2003},
  month = {5},
  owner = {kj},
  timestamp = {2014.08.08}
}

@Misc{everyshi,
  author    = {Martin Schr√∂der},
  title     = {The everyshi package},
  year      = {2001},
  month     = {5},
  owner     = {kj},
  timestamp = {2014.08.08}
}

@BOOK{schreiber1971,
  author = {Schreiber, Nicola},
  title = {The Cypro-Phoenician pottery of the Iron Age},
  year = {1971},
  volume = {v.13},
  publisher = {Culture and history of the ancient Near East},
  owner = {kj},
  timestamp = {2014.08.16}
}

@MISC{everysel,
  author = {Martin Schr√É¬∂der},
  title = {The \texttt{EverySel} package},
  year = {2011},
  month = {10},
  owner = {Georgio},
  timestamp = {2015.08.18}
}

@Misc{ragged2e,
  author    = {Martin Schroeder},
  title     = {The ùöõùöäùöêùöêùöéùöçùü∏ùöé package},
  year      = {2009},
  month     = {5},
  owner     = {Georgio},
  timestamp = {2015.08.18}
}

@BOOK{seraphini,
  author = {Serafini, Luigi},
  title = {Codex {S}eraphinianus},
  year = {1981},
  publisher = {Abbeville Press, New York},
  url = {http://en.wikipedia.org/wiki/Codex_Seraphinianus},
  owner = {kj},
  timestamp = {2014.08.10}
}

@MISC{xymtex,
  author = {Fujita Shinsaku},
  title = {XYMTEX (Versions 4.05 and 4.06) for Typesetting Chemical
	
	Structural Formulas: C. The chemtimes Package for
	
	Supporting Times-like Fonts.},
  year = {2009},
  owner = {Georgio},
  timestamp = {2015.02.16}
}

@MISC{newfloat,
  author = {Axel Sommerfeldt},
  title = {The newfloat package},
  year = {2013},
  month = {3},
  owner = {Georgio},
  timestamp = {2015.06.21}
}

@MISC{genealogytree,
  author = {Thomas F. Sturm},
  title = {The genealogytree package},
  year = {2015},
  month = {5},
  owner = {Georgio},
  timestamp = {2015.06.21}
}

@Misc{philokalia,
  author    = {Apostolos Syropoulos},
  title     = {The ùöôùöëùöíùöïùöòùöîùöäùöïùöíùöä package},
  year      = {2007},
  month     = {1},
  owner     = {Georgio},
  timestamp = {2015.08.18},
}

@MISC{staves,
  author = {Apostolos Syropoulos},
  title = {The staves package},
  year = {2006},
  month = {11},
  owner = {Georgio},
  timestamp = {2015.08.19}
}

@MISC{epiolmec,
  author = {Apostolos Syropoulos},
  title = {The \texttt{epiolmec} package},
  year = {2003},
  month = {11},
  owner = {Georgio},
  timestamp = {2015.08.18}
}

@ARTICLE{syropoulos,
  author = {Apostolos Syropoulos},
  title = {Replicating Archaic Documents: A Typographic Challenge},
  year = {2003},
  volume = {24},
  pages = {319-322},
  url = {http://www.tug.org/TUGboat/tb24-3/syropoulos.pdf},
  journal = {TUGboat},
  owner = {yl},
  timestamp = {2014.10.17}
}

@MISC{anyfont,
  author = {P\'eter Szab\'o},
  title = {The anyfontsize package},
  year = {2007},
  month = {2},
  owner = {Georgio},
  timestamp = {2015.02.09}
}

@MISC{fmtcount,
  author = {Nicola L.C. Talbot},
  title = {\texttt{fmtcount.sty:} Displaying the Values of \latex Counters},
  year = {2015},
  month = {5},
  owner = {Georgio},
  timestamp = {2015.08.18}
}

@MISC{pkg-pgf,
  author = {Till Tantau},
  title = {Tikz and {PGF}, {M}anual for for {V}ersion 2.1},
  year = {2007},
  owner = {kj},
  timestamp = {2014.08.08}
}

@MISC{translator,
  author = {Till Tantau},
  title = {The Translator Package},
  year = {2007},
  owner = {kj},
  timestamp = {2014.08.25}
}

@MISC{chemfig,
  author = {Christian Tellechea},
  title = {Chemfig a Package for Drawing Molecules},
  year = {2013},
  owner = {Georgio},
  timestamp = {2015.02.16}
}

@MISC{calc,
  author = {Kresten Krab Thorup and Frank Jensen and Chris Rowley},
  title = {{The calc package Infix notation arithmetic in \LaTeX\ }},
  year = {2014},
  month = {10},
  owner = {Georgio},
  timestamp = {2015.02.14}
}

@ARTICLE{thurnherr2012,
  author = {Thomas Thurnherr},
  title = {Changing the font size in LATEX},
  year = {2012},
  volume = {33},
  number = {3},
  pages = {263-64},
  journal = {TUGboat},
  owner = {Georgio},
  timestamp = {2015.02.09}
}

@BOOK{Tobin2000,
  author = {Geoffrey Tobin},
  title = {\texttt{setspace.sty}},
  year = {2000},
  publisher = {La Trobe University}
}

@BOOK{town,
  author = {Town, L},
  title = {Bookbinding by hand},
  year = {1951},
  edition = {1st Edition},
  publisher = {Faber \& Faber},
  address = {London}
}

@BOOK{Tufte2006,
  author = {Edward R. Tufte},
  title = {Beautiful Evidence},
  year = {2006},
  edition = {First},
  publisher = {Graphics Press, {LLC}},
  isbn = {0-9613921-7-7},
  month = {May},
  place = {Cheshire, Connecticut}
}

@BOOK{Tufte2001,
  author = {Edward R. Tufte},
  title = {The Visual Display of Quantitative Information},
  year = {2001},
  publisher = {Graphics Press},
  isbn = {0-9613921-4-2},
  address = {Cheshire, Connecticut}
}

@BOOK{Tufte1997,
  author = {Edward R. Tufte},
  title = {Visual Explanations},
  year = {1997},
  publisher = {Graphics Press},
  isbn = {0-9613921-2-6},
  address = {Cheshire, Connecticut}
}

@BOOK{Tufte1990,
  author = {Edward R. Tufte},
  title = {Envisioning Information},
  year = {1990},
  publisher = {Graphics Press},
  isbn = {0-9613921-1-8},
  address = {Cheshire, Connecticut}
}

@ARTICLE{Mercury,
  author = {L. E. Turner},
  title = {Diurnal motion of the Sun as seen from Mercury},
  year = {1978},
  volume = {46},
  pages = {475--479},
  doi = {http://dx.doi.org/10.1119/1.11238},
  url = {http://dx.doi.org/10.1119/1.11238},
  journal = {Am. J. Phys.},
  owner = {Georgio},
  timestamp = {2014.12.20}
}

@MISC{geometry,
  author = {Hideo Umeki},
  title = {The geometry package},
  year = {2010},
  month = {9},
  keywords = {packages, geometry},
  owner = {yl},
  timestamp = {2014.08.22}
}

@Misc{pkg-geometry,
  author       = {Hideo Umeki},
  title        = {The ùöêùöéùöòùöñùöéùöùùöõùö¢ package},
  year         = {2008},
  howpublished = {\url{http://ctan.org/pkg/geometry}},
  month        = {12},
}

@BOOK{Michigan1880,
  author = {unknown},
  title = {Growing Up in Michigan},
  year = {1880},
  publisher = {State of Michigan},
  place = {Michigan}
}

@PhdThesis{valerio2016,
  author      = {Valerio, Miguel Filipe Grandao},
  title       = {Investigating the Signs and Sounds of Cypro-Minoan},
  institution = {University of Barcelona},
  year        = {2016},
  owner       = {Georgio},
  timestamp   = {2017.09.16},
}

@ARTICLE{ventrisa,
  author = {Michael Ventris and John Chadwick},
  title = {Evidence for Greek Dialect in Mycenaean Archives},
  year = {1953},
  volume = {73},
  pages = {84-103},
  journal = {The Journal of Hellenic Studies},
  owner = {Georgio},
  timestamp = {2015.08.25}
}

@ARTICLE{verna,
  author = {Verna, Didier},
  title = {Towards \LaTeX\ coding standards},
  year = {2011},
  volume = {32},
  number = {3},
  pages = {309},
  journal = {TUGboat},
  owner = {kj},
  timestamp = {2014.08.10}
}

@ARTICLE{boris2012,
  author = {Boris Veytsman},
  title = {The fonts we choose},
  year = {2012},
  volume = {33},
  number = {3},
  pages = {299-300},
  url = {https://www.tug.org/TUGboat/tb33-3/tb105veytsman-fonts.pdf},
  journal = {TUGboat},
  owner = {Georgio},
  timestamp = {2015.02.02}
}

@MISC{mathmode,
  author = {Herbert Vo√É≈∏},
  title = {Math mode},
  year = {2008},
  month = {2},
  owner = {Georgio},
  timestamp = {2015.08.15}
}

@MISC{fonttable,
  author = {Peter Wilson},
  title = {The fonttable package},
  year = {2011},
  owner = {kj},
  timestamp = {2014.08.22}
}

@BOOK{Wilson2009,
  author = {Peter Wilson},
  title = {The Memoir Class for Configurable Typesetting, User Guide},
  year = {2010},
  edition = {Eighth},
  publisher = {The Herries Press},
  place = {Printed in the World}
}

@MISC{Wilson2010,
  author = {Peter Wilson},
  title = {The Memoir Class},
  year = {2010},
  owner = {yl},
  timestamp = {2014.09.08}
}

@Misc{sarabian,
  author    = {Peter Wilson},
  title     = {The ùöÇùöòùöûùöùùöë ùô∞ùöõùöäùöãùöíùöäùöó fonts},
  year      = {2005},
  month     = {11},
  owner     = {Georgio},
  timestamp = {2015.08.25},
}

@BOOK{memoir,
  author = {P. Wilson},
  title = {The Memoir class for configurable typesetting},
  year = {2001},
  publisher = {CTAN},
  howpublished = {\url{http://macros/latex/contrib/memoir}}
}

 @MISC{cutwin,
   author = {Peter Wilson and Alan Hoenig},
   title = {Making cutouts in paragraphs (cutwin package)},
   year = {2010},
   owner = {Georgio},
   timestamp = {2017.08.17}
 }

 @MISC{needspace,
   author = {Peter Wilson and Will Roberstson},
   title = {The \texttt{needspace} package},
   year = {2010},
   month = {9},
   owner = {Georgio},
   timestamp = {2015.02.07}
 }

 @Misc{chngcntr,
   author    = {Peter Wilson and Will},
   title     = {The ùöåùöëùöóùöêùöåùöóùöùùöõ package},
   year      = {2009},
   month     = {9},
   owner     = {Georgio},
   timestamp = {2015.08.19},
}

 @MISC{epigraph,
   author = {Peter Wilson and Will},
   title = {The epigraph package},
   year = {2009},
   month = {9},
   owner = {Georgio},
   timestamp = {2015.02.16}
 }

 @BOOK{mukhom2003,
   author = {Mukhom Wongthes},
   title = {Intellectual Might and National Myth: A Forensic Investigation of
 	the Ram Khamhaeng Controversy in Thai Society},
   year = {2003},
   publisher = {Matchison Publishing, Ltd},
   owner = {Georgio},
   timestamp = {2017.09.01}
 }

 @BOOK{Woodard2008,
   author = {Roger D. Woodard},
   title = {The Ancient Languages of Asia Minor},
   year = {2008},
   publisher = {Cambridge University Press},
   isbn = {978-0-521-68496-5},
   owner = {Georgio},
   timestamp = {2017.09.23}
}

 @BOOK{Woodard1997,
   author = {Roger D. Woodard},
   title = {Greek Writing from Knossos to Homer:: A Linguistic Interpretation
 	of the Origin of the Greek Alphabet and the Continuity of Ancient
 	Greek Literacy},
   year = {1997},
   publisher = {Oxford University Press},
   isbn = {0-19-510520-6},
   owner = {Georgio},
   timestamp = {2017.09.22}
 }

@Misc{siunitx,
  author    = {Joseph Wright},
  title     = {siunitx A comprehensive (SI) units package},
  year      = {2012},
  month     = {1},
  owner     = {yl},
  timestamp = {2014.08.22},
}

@ARTICLE{joseph2009,
  author = {Joseph Wright and Christian Feuers\"anger},
  title = {Implementing key--value input: An introduction},
  year = {2009},
  volume = {30},
  number = {1},
  pages = {110-120},
  journal = {TUGboat},
  owner = {kj},
  timestamp = {2014.08.14}
}

@ARTICLE{wright2010,
  title = {Beyond \textbackslash newcommand with xparse},
  author = {Joseph Wright},
  year = {2010},
  month = {1},
  journal = {TUGboat},
  volume = {31},
  url = {http://tug.org/TUGboat/tb31-1/tb97wright-xparse.pdf},
  owner = {Georgio},
  timestamp = {2018.06.18}
}


@ARTICLE{joseph2015,
  title = {Through the \textbackslash parshape and what Joseph found there},
  author = {Joseph Wright},
  year = {2015},
  month = {1},
  journal = {TUGboat},
  owner = {Georgio},
  timestamp = {2018.06.18}
}


@MISC{slashbox,
  author = {Koichi Yasuoka and Toru Sato},
  title = {The slashbox package},
  year = {1993},
  month = {5},
  owner = {Georgio},
  timestamp = {2015.08.13}
}

@Misc{fancybox,
  author    = {Timothy Van Zandt},
  title     = {Documentation for \texttt{fancybox.sty}: Box tips and tricks for LaTeX},
  year      = {2010},
  month     = {5},
  owner     = {Georgio},
  timestamp = {2015.08.18},
}

@PROCEEDINGS{chamberlain1991,
  editor = {James F. Chamberlain},
  title = {The Ramkhamhaeng Controversy: Selected Papers},
  year = {1991},
  organization = {The Siam Society},
  owner = {Georgio},
  timestamp = {2017.09.01}
}

@PROCEEDINGS{gorila,
  editor = {Louis Godart and Olivier},
  title = {Recueil des inscriptions en Linaire A.1.},
  year = {1970},
  volume = {1},
  publisher = {Atudes craetoises},
  owner = {Georgio},
  timestamp = {2015.08.25}
}

@BOOK{looting,
  title = {Catastrophe! The Looting and Destruction of Iraq's Past},
  year = {2004},
  editor = {Geoff Emberling \& Katharyn Hanson},
  publisher = {The Oriental Institute of the University of Chicago},
  owner = {Georgio},
  timestamp = {2015.02.21}
}

@PROCEEDINGS{hoyland2000,
  editor = {Robert Hoyland},
  title = {Mount Nebo, Ramm, Aramaic and Arabic in Palestine and Arabia},
  year = {2010},
  publisher = {Archaeopress},
  url = {https://www.academia.edu/3658961/Mount_Nebo_Ramm_Aramaic_and_Arabic_in_Palestine_and_Arabia},
  owner = {Georgio},
  timestamp = {2015.01.19}
}

@BOOK{affective,
  title = {Affective {C}omputing, Focus on Emotion Expression, Synthesis and
	Recognition},
  year = {2008},
  editor = {Jimmy Or},
  publisher = {I-Tech Education and Publishing},
  month = {5},
  owner = {Georgio},
  timestamp = {2015.01.27}
}

@MISC{letimbre2136,
  title = {Loi sur le timbre (No. 2136) (in french). Bulletin des lois de la
	Republique (Paris: French government) (237): 1-2},
  url = {http://www.cl.cam.ac.uk/~mgk25/loi-timbre.html},
  owner = {Georgio},
  timestamp = {2015.02.03}
}

@Comment{jabref-meta: databaseType:biblatex;}
