@mvcollection{syasem,
  title     = {Syntax and Semantics},
  location  = {New York},
  publisher = {Academic Press},
}
@collection{SpeActs,
  title     = {Speech Acts},
  volume    = {3},
  editor    = {Peter Cole and Jerry L. Morgan},
  date      = {1975},
  crossref  = {syasem},
}
@incollection{grice,
  author    = {Grice, Herbert Paul},
  title     = {Logic and Conversation},
  pages     = {41-58},
  crossref  = {SpeActs},
}
@book{huang,
  author    = {Yan Huang},
  title     = {Pragmatics},
  date      = {2011},
  series    = {Oxford Textbooks in Linguistics},
  isbn      = {978-0-19-924368-6},
  publisher = {Oxford University Press},
  location  = {Oxford and others},
}
